@ARTICLE{ref1,
author={Mills, D.L.},
title={Internet Time Synchronization: The Network Time Protocol},
journal={IEEE Transactions on Communications},
year={1991},
volume={39},
pages={1482-1493},
doi={10.1109/26.103043},
document_type={Article},
source={Scopus},
}
@ARTICLE{ref2, 
author={}, 
journal={IEEE P1588/D1.5, May 2019}, 
title={{IEEE} Draft Standard for a Precision Clock Synchronization Protocol for Networked Measurement and Control Systems}, 
year={2019}, 
volume={},  
pages={1-568}, 
keywords={IEEE Standards;Clocks;Synchronization;Networked control systems;Smart grid;Boundary Clock;Ordinary Clock;Transparent Clock;synchronization;security;management;clock;Grandmaster Clock}, 
doi={}, 
ISSN={null}, 
month={June},
}
@BOOK{ref3,
author={Steiner, W. and Bauer, G. and Hall, B. and Paulitsch, M.},
title={Time-triggered ethernet},
journal={Time-Triggered Communication},
year={2011},
pages={181-220},
document_type={Book Chapter},
source={Scopus},
}
@ARTICLE{ref4,
author={Lévesque, M. and Tipper, D.},
title={A Survey of Clock Synchronization Over Packet-Switched Networks},
journal={IEEE Communications Surveys and Tutorials},
year={2016},
volume={18},
pages={2926-2947},
doi={10.1109/COMST.2016.2590438},
art_number={7509657},
document_type={Review},
source={Scopus},
}
@ARTICLE{ref5,
author={Qiu, T. and Zhang, Y. and Qiao, D. and Zhang, X. and Wymore, M.L. and Sangaiah, A.K.},
title={A robust time synchronization scheme for industrial internet of things},
journal={IEEE Transactions on Industrial Informatics},
year={2018},
volume={14},
pages={3570-3580},
doi={10.1109/TII.2017.2738842},
art_number={8008773},
document_type={Article},
source={Scopus},
}
@ARTICLE{ref6,
author={Garg, A. and Yadav, A. and Sikora, A. and Sairam, A.S.},
title={Wireless Precision Time Protocol},
journal={IEEE Communications Letters},
year={2018},
volume={22},
number={4},
pages={812-815},
doi={10.1109/LCOMM.2017.2781706},
document_type={Article},
source={Scopus},
}
@ARTICLE{ref7,
author={Ansere, J.A. and Han, G. and Wang, H.},
title={A Novel Reliable Adaptive Beacon Time Synchronization Algorithm for Large-Scale Vehicular Ad Hoc Networks},
journal={IEEE Transactions on Vehicular Technology},
year={2019},
volume={68},
number={12},
pages={11565-11576},
doi={10.1109/TVT.2019.2946225},
art_number={8862856},
document_type={Article},
source={Scopus},
}
@CONFERENCE{ref8,
author={Moon, S.B. and Skelly, P. and Towsley, D.},
title={Estimation and removal of clock skew from network delay measurements},
journal={Proceedings - IEEE INFOCOM},
year={1999},
volume={1},
pages={227-234},
doi={10.1109/INFCOM.1999.749287},
art_number={749287},
document_type={Conference Paper},
source={Scopus},
}
@ARTICLE{ref9,
author={Wang, H. and Shao, L. and Li, M. and Wang, P.},
title={Estimation of Frequency Offset for Time Synchronization with Immediate Clock Adjustment in Multihop Wireless Sensor Networks},
journal={IEEE Internet of Things Journal},
year={2017},
volume={4},
pages={2239-2246},
doi={10.1109/JIOT.2017.2756824},
art_number={8049441},
document_type={Article},
source={Scopus},
}
@ARTICLE{ref10,
author={Fan, L. and Ling, Y. and Wang, T. and Zhu, X. and Tang, X.},
title={Novel clock synchronization algorithm of parametric difference for parallel and distributed simulations},
journal={Computer Networks},
year={2013},
volume={57},
pages={1474-1487},
doi={10.1016/j.comnet.2013.02.004},
document_type={Article},
source={Scopus},
}
@ARTICLE{ref11,
author={Zhang, X. and Chen, H. and Lin, K. and Wang, Z. and Yu, J. and Shi, L.},
title={{RMTS}: A robust clock synchronization scheme for wireless sensor networks},
journal={Journal of Network and Computer Applications},
year={2019},
volume={135},
pages={1-10},
doi={10.1016/j.jnca.2019.02.028},
document_type={Article},
source={Scopus},
}
@ARTICLE{ref12,
author={Hwang, S.},
title={A network clock model for time awareness in the Internet of things and artificial intelligence applications},
journal={Journal of Supercomputing},
year={2019},
volume={75},
pages={4309-4328},
doi={10.1007/s11227-019-02774-0},
document_type={Article},
source={Scopus},
}
@ARTICLE{ref15,
author={Zhang, W. and Wu, Z. and Han, G. and Feng, Y. and Shu, L.},
title={{LDC}: A lightweight dada consensus algorithm based on the blockchain for the industrial Internet of Things for smart city applications},
journal={Future Generation Computer Systems},
year={2020},
volume={108},
pages={574-582},
doi={10.1016/j.future.2020.03.009},
document_type={Article},
source={Scopus},
}
@ARTICLE{ref16,
author={Rahman, A. and Jin, J. and Cricenti, A.L. and Rahman, A. and Kulkarni, A.},
title={Communication-Aware Cloud Robotic Task Offloading With On-Demand Mobility for Smart Factory Maintenance},
journal={IEEE Transactions on Industrial Informatics},
year={2019},
volume={15},
pages={2500-2511},
doi={10.1109/TII.2018.2874693},
art_number={8485780},
document_type={Article},
source={Scopus},
}
@ARTICLE{ref17,
author={Wan, J. and Tang, S. and Li, D. and Imran, M. and Zhang, C. and Liu, C. and Pang, Z.},
title={Reconfigurable smart factory for drug packing in healthcare industry 4.0},
journal={IEEE Transactions on Industrial Informatics},
year={2019},
volume={15},
pages={507-516},
doi={10.1109/TII.2018.2843811},
art_number={8371642},
document_type={Article},
source={Scopus},
}
@ARTICLE{ref18,
author={Wan, J. and Li, J. and Imran, M. and Li, D.},
title={A blockchain-based solution for enhancing security and privacy in smart factory},
journal={IEEE Transactions on Industrial Informatics},
year={2019},
volume={15},
pages={3652-3660},
doi={10.1109/TII.2019.2894573},
art_number={8621042},
document_type={Article},
source={Scopus},
}
@ARTICLE{ref19,
author={Vitturi, S. and Zunino, C. and Sauter, T.},
title={Industrial Communication Systems and Their Future Challenges: Next-Generation Ethernet, {IIoT}, and {5G}},
journal={Proceedings of the IEEE},
year={2019},
volume={107},
pages={944-961},
doi={10.1109/JPROC.2019.2913443},
art_number={8715451},
document_type={Article},
source={Scopus},
}
@ARTICLE{ref21,
author={Wollschlaeger, M. and Sauter, T. and Jasperneite, J.},
title={The future of industrial communication: Automation networks in the era of the internet of things and industry 4.0},
journal={IEEE Industrial Electronics Magazine},
year={2017},
volume={11},
pages={17-27},
doi={10.1109/MIE.2017.2649104},
art_number={7883994},
document_type={Article},
source={Scopus},
}
@ARTICLE{ref22,
author={Nasrallah, A. and Thyagaturu, A.S. and Alharbi, Z. and Wang, C. and Shao, X. and Reisslein, M. and ElBakoury, H.},
title={Ultra-low latency ({ULL}) networks: The {IEEE} {TSN} and {IETF} DetNet standards and related {5G} {ULL} research},
journal={IEEE Communications Surveys and Tutorials},
year={2019},
volume={21},
pages={88-145},
doi={10.1109/COMST.2018.2869350},
art_number={8458130},
document_type={Article},
source={Scopus},
}
@ARTICLE{ref23,
author={Zezulka, F. and Marcon, P. and Bradac, Z. and Arm, J. and Benesl, T. and Vesely, I.},
title={Communication Systems for Industry 4.0 and the {IIoT}},
journal={IFAC-PapersOnLine},
year={2018},
volume={51},
pages={150-155},
doi={10.1016/j.ifacol.2018.07.145},
document_type={Article},
source={Scopus},
}
@ARTICLE{ref24,
author={Yang, W. and Fu, M.},
title={A Filter-based Clock Synchronization Protocol for Wireless Sensor Networks},
journal={Asian Journal of Control},
year={2019},
volume={21},
pages={1389-1403},
doi={10.1002/asjc.1795},
document_type={Article},
source={Scopus},
}
@ARTICLE{ref25,
author={Mazur, D.C. and Entzminger, R.A. and Kay, J.A. and Morell, P.A.},
title={Time Synchronization Mechanisms for the Industrial Marketplace},
journal={IEEE Transactions on Industry Applications},
year={2017},
volume={53},
pages={39-46},
doi={10.1109/TIA.2016.2603464},
document_type={Article},
source={Scopus},
}
@ARTICLE{ref26,
author={Jia, P. and Wang, X. and Zheng, K.},
title={Distributed Clock Synchronization Based on Intelligent Clustering in Local Area Industrial IoT Systems},
journal={IEEE Transactions on Industrial Informatics},
year={2020},
volume={16},
pages={3697-3707},
doi={10.1109/TII.2019.2937331},
art_number={8812700},
document_type={Article},
source={Scopus},
}
@ARTICLE{ref27,
author={Liu, Z. and Cheng, Y. and Wang, P. and Yu, Y. and Long, Y.},
title={A method for remaining useful life prediction of crystal oscillators using the Bayesian approach and extreme learning machine under uncertainty},
journal={Neurocomputing},
year={2018},
volume={305},
pages={27-38},
doi={10.1016/j.neucom.2018.04.043},
document_type={Article},
source={Scopus},
}
@ARTICLE{ref28,
author={LAN/MAN Standards Committee of the IEEE Computer Society},
title={Timing and Synchronization for Time-Sensitive Applications in Bridged Local Area Networks},
journal={IEEE Transactions on Industrial Electronics},
year={2010},
volume={57},
pages={4106-4114},
doi={10.1109/TIE.2010.2042421},
document_type={Article},
source={Scopus},
}
@ARTICLE{ref29,
author={Sestito, G.S. and Turcato, A.C. and Dias, A.L. and Rocha, M.S. and Da Silva, M.M. and Ferrari, P. and Brandao, D.},
title={A method for anomalies detection in real-time ethernet data traffic applied to PROFINET},
journal={IEEE Transactions on Industrial Informatics},
year={2018},
volume={14},
pages={2171-2180},
doi={10.1109/TII.2017.2772082},
document_type={Article},
source={Scopus},
}
@ARTICLE{ref30,
author={Langlois, K. and Van Der Hoeven, T. and Rodriguez Cianca, D. and Verstraten, T. and Bacek, T. and Convens, B. and Rodriguez-Guerrero, C. and Grosu, V. and Lefeber, D. and Vanderborght, B.},
title={EtherCAT tutorial: An introduction for real-time hardware communication on windows [tutorial]},
journal={IEEE Robotics and Automation Magazine},
year={2018},
volume={25},
pages={22-25 and 122},
doi={10.1109/MRA.2017.2787224},
document_type={Article},
source={Scopus},
}
@ARTICLE{ref31,
author={Barrios-Avilés, J. and Rosado-Muñoz, A. and Iakymchuk, T. and García-Chulbi, M.},
title={POWERLINK and Ethernet/IP Comparison as Robust Industrial Ethernet Protocols},
journal={IFAC-PapersOnLine},
year={2017},
volume={50},
number={1},
pages={363-368},
doi={10.1016/j.ifacol.2017.08.159},
note={cited By 2},
url={https://www.scopus.com/inward/record.uri?eid=2-s2.0-85031825942&doi=10.1016%2fj.ifacol.2017.08.159&partnerID=40&md5=68cdea15928747d6166ad35825c292ed},
document_type={Article},
source={Scopus},
}
@ARTICLE{ref32,
author={Knezic, M. and Dokic, B. and Ivanovic, Z.},
title={Theoretical and experimental evaluation of ethernet powerlink pollresponse chaining mechanism},
journal={IEEE Transactions on Industrial Informatics},
year={2017},
volume={13},
pages={923-933},
doi={10.1109/TII.2016.2634554},
art_number={7763791},
document_type={Article},
source={Scopus},
}
@ARTICLE{ref33,
	author={Jia, Pengyi and Wang, Xianbin and Zheng, Kan},
	journal={IEEE Transactions on Industrial Informatics}, 
	title={Distributed Clock Synchronization Based on Intelligent Clustering in Local Area Industrial IoT Systems}, 
	year={2020},
	volume={16},
	number={6},
	pages={3697-3707},
	doi={10.1109/TII.2019.2937331}}