@ARTICLE{7879243,
	author={Lin, Jie and Yu, Wei and Zhang, Nan and Yang, Xinyu and Zhang, Hanlin and Zhao, Wei},
	journal={IEEE Internet of Things Journal}, 
	title={A Survey on Internet of Things: Architecture, Enabling Technologies, Security and Privacy, and Applications}, 
	year={2017},
	volume={4},
	number={5},
	pages={1125-1142},
	doi={10.1109/JIOT.2017.2683200}}

@INPROCEEDINGS{9527833,
	author={Shi, Haochuan and Aijaz, Adnan and Jiang, Nan},
	booktitle={ Proc. IEEE BlackSeaCom}, 
	title={Evaluating the Performance of Over-the-Air Time Synchronization for 5G and TSN Integration}, 
	year={2021},
	volume={},
	number={},
	pages={1-6},
	doi={10.1109/BlackSeaCom52164.2021.9527833}}
@article{888888,
title={System architecture for the 5G System(5GS) Stage 2(Release16) Std.}, 
year={2020}}
@article{2013Recommendations,
	title={Recommendations for implementing the strategic initiative GERMAN INDUSTRIE 4.0. Final report of the Industrie 4.0 Working Group},
	author={ Scheel, H. V. },
	year={2013},
}
@INPROCEEDINGS{9211936,
	author={Schüngel, Maximilian and Dietrich, Steven and Ginthör, David and Chen, Shun-Ping and Kuhn, Michael},
	booktitle={Proc. IEEE ETFA}, 
	title={Single Message Distribution of Timing Information for Time Synchronization in Converged Wired and Wireless Networks}, 
	year={2020},
	volume={1},
	number={},
	pages={286-293},
	doi={10.1109/ETFA46521.2020.9211936}}

@INPROCEEDINGS{9557468,
	author={Striffler, Tobias and Schotten, Hans D.},
	booktitle={Proc. IEEE INDIN}, 
	title={The 5G Transparent Clock: Synchronization Errors in Integrated 5G-TSN Industrial Networks}, 
	year={2021},
	volume={},
	number={},
	pages={1-6},
	doi={10.1109/INDIN45523.2021.9557468}}
@INPROCEEDINGS{9674640,
	author={Chai, Zichao and Liu, Wei and Li, Mao and Lei, Jing},
	booktitle={Proc. IEEE ICECE}, 
	title={Cross Domain Clock Synchronization Based on Data Packet Relay in 5G-TSN Integrated Network}, 
	year={2021},
	volume={},
	number={},
	pages={141-145},
	doi={10.1109/ICECE54449.2021.9674640}}
@INPROCEEDINGS{8402373,
	author={Neumann, Arne and Wisniewski, Lukasz and Ganesan, Rakash SivaSiva and Rost, Peter and Jasperneite, Jürgen},
	booktitle={Proc. IEEE WFCS}, 
	title={Towards integration of Industrial Ethernet with 5G mobile networks}, 
	year={2018},
	volume={},
	number={},
	pages={1-4},
	doi={10.1109/WFCS.2018.8402373}}
@INPROCEEDINGS{9064350,
	author={Qing, Liao and Xinyang, Ren},
	booktitle={Proc. IEEE ICCC}, 
	title={IEEE 1588 and a Dynamic Delay Correction Clock Synchronization Algorithm}, 
	year={2019},
	volume={},
	number={},
	pages={442-446},
	doi={10.1109/ICCC47050.2019.9064350}}
@article{zhang2022wireless,
	title={Wireless/wired integrated transmission for industrial cyber-physical systems: risk-sensitive co-design of 5G and TSN protocols},
	author={Zhang, Yajing and Xu, Qimin and Guan, Xinping and Chen, Cailian and Li, Mingyan},
	journal={Science China Information Sciences},
	volume={65},
	number={1},
	pages={110204},
	year={2022},
	publisher={Springer}
}
@article{888889,
	title={Service requirements for cyber-physical control applications in vertical domains (3GPP TS 22.104 V18.3.0)}, 
	year={2021-12}}
@INPROCEEDINGS{9615318,
	author={Patel, Dhruvin and Diachina, John and Ruffini, Stefano and De Andrade, Marilet and Sachs, Joachim and Venmani, Daniel Philip},
	booktitle={Proc. IEEE ISPCS}, 
	title={Time error analysis of 5G time synchronization solutions for time aware industrial networks}, 
	year={2021},
	volume={},
	number={},
	pages={1-6},
	doi={10.1109/ISPCS49990.2021.9615318}}
@ARTICLE{8935413,
	author={Huan, Xintao and Kim, Kyeong Soo and Lee, Sanghyuk and Lim, Eng Gee and Marshall, Alan},
	journal={IEEE Transactions on Communications}, 
	title={A Beaconless Asymmetric Energy-Efficient Time Synchronization Scheme for Resource-Constrained Multi-Hop Wireless Sensor Networks}, 
	year={2020},
	volume={68},
	number={3},
	pages={1716-1730},
	doi={10.1109/TCOMM.2019.2960344}}
@article{access2015requirements,
	title={Requirements for Support of radio resource management (3GPP TS 36.133 Version 12.6. 0 Release 12)},
	author={Access, Evolved Universal Terrestrial Radio},
	journal={ETSI TS},
	volume={136},
	number={133},
	pages={V11},
	year={2015}
}
