@article{kopetz1987clock,
	title={Clock synchronization in distributed real-time systems},
	author={Kopetz, Hermann and Ochsenreiter, Wilhelm},
	journal={IEEE Transactions on Computers},
	volume={100},
	number={8},
	pages={933--940},
	year={1987},
	publisher={IEEE}
}

@ARTICLE{7879243,
	author={Lin, Jie and Yu, Wei and Zhang, Nan and Yang, Xinyu and Zhang, Hanlin and Zhao, Wei},
	journal={IEEE Internet of Things Journal}, 
	title={A Survey on Internet of Things: Architecture, Enabling Technologies, Security and Privacy, and Applications}, 
	year={2017},
	volume={4},
	number={5},
	pages={1125-1142},
	doi={10.1109/JIOT.2017.2683200}}
@article{CHEN20143,
	title = {Machine-to-machine communications: Technologies and challenges},
	journal = {Ad Hoc Networks},
	volume = {18},
	pages = {3-23},
	year = {2014},
	issn = {1570-8705},
	doi = {https://doi.org/10.1016/j.adhoc.2013.03.007},
	url = {https://www.sciencedirect.com/science/article/pii/S1570870513000395},
	author = {Kwang-Cheng Chen and Shao-Yu Lien},
	keywords = {Machine-to-machine communications, Internet of Things, Cyber–physical systems, Multi-hop networks, Cognitive radio, Spectrum sharing, Swarm communications},
	abstract = {Machine-to-machine (M2M) communications emerge to autonomously operate to link interactions between Internet cyber world and physical systems. We present the technological scenario of M2M communications consisting of wireless infrastructure to cloud, and machine swarm of tremendous devices. Related technologies toward practical realization are explored to complete fundamental understanding and engineering knowledge of this new communication and networking technology front.}
}
@ARTICLE{8278257,
	author={Gomes, Nathan J. and Sehier, Philippe and Thomas, Howard and Chanclou, Philippe and Li, Bomin and Munch, Daniel and Assimakopoulos, Philippos and Dixit, Sudhir and Jungnickel, Volker},
	journal={IEEE Vehicular Technology Magazine}, 
	title={Boosting 5G Through Ethernet: How Evolved Fronthaul Can Take Next-Generation Mobile to the Next Level}, 
	year={2018},
	volume={13},
	number={1},
	pages={74-84},
	doi={10.1109/MVT.2017.2782358}}
@ARTICLE{5223605,
	author={Han, Jiho and Jeong, Deog-Kyoon},
	journal={IEEE Transactions on Instrumentation and Measurement}, 
	title={A Practical Implementation of IEEE 1588-2008 Transparent Clock for Distributed Measurement and Control Systems}, 
	year={2010},
	volume={59},
	number={2},
	pages={433-439},
	doi={10.1109/TIM.2009.2024371}}
@article{ahmed2018survey,
	title={A survey on high-precision time synchronization techniques for optical datacenter networks and a zero-overhead microsecond-accuracy solution},
	author={Ahmed, Tanjila and Rahman, Sabidur and Tornatore, Massimo and Kim, Kwangjoon and Mukherjee, Biswanath},
	journal={Photonic Network Communications},
	volume={36},
	pages={56--67},
	year={2018},
	publisher={Springer}
}
@article{idrees2020ieee,
	title={IEEE 1588 for clock synchronization in industrial IoT and related applications: a review on contributing technologies, protocols and enhancement methodologies},
	author={Idrees, Zeba and Granados, Jose and Sun, Yang and Latif, Shahid and Gong, Li and Zou, Zhuo and Zheng, Lirong},
	journal={IEEE Access},
	volume={8},
	pages={155660--155678},
	year={2020},
	publisher={IEEE}
}
@article{jakovetic2014fast,
	title={Fast distributed gradient methods},
	author={Jakoveti{\'c}, Du{\v{s}}an and Xavier, Joao and Moura, Jos{\'e} MF},
	journal={IEEE Transactions on Automatic Control},
	volume={59},
	number={5},
	pages={1131--1146},
	year={2014},
	publisher={IEEE}
}
@article{ieee2011ieee,
	title={{IEEE} Standard for Local and Metropolitan Area Networks—Timing and Synchronization for Time-Sensitive Applications in Bridged Local Area Networks},
	author={IEEE Standards Association and others},
	journal={IEEE Std},
	volume={802},
	year={2011}
}
@inproceedings{teener2008overview,
	title={Overview and timing performance of IEEE 802.1 AS},
	author={Teener, Michael D Johas and Garner, Geoffrey M},
	booktitle={2008 IEEE International Symposium on Precision Clock Synchronization for Measurement, Control and Communication},
	pages={49--53},
	year={2008},
	organization={IEEE}
}
@article{huayang2011ieee,
	title={{IEEE} 1588v2 的发展与应用},
	author={华春阳，尹刚},
	journal={电信技术},
	number={7},
	pages={85--87},
	year={2011}
}
@article{luling20121588v2,
	title={1588v2 不对称补偿方案探讨},
	author={卢灵宣},
	journal={邮电设计技术},
	number={9},
	pages={64--67},
	year={2012}
}
@inproceedings{shereen2019next,
	title={Next steps in security for time synchronization: Experiences from implementing IEEE 1588 v2. 1},
	author={Shereen, Ezzeldin and Bitard, Florian and D{\'a}n, Gy{\"o}rgy and Sel, Tolga and Fries, Steffen},
	booktitle={2019 IEEE International Symposium on Precision Clock Synchronization for Measurement, Control, and Communication (ISPCS)},
	pages={1--6},
	year={2019},
	organization={IEEE}
}

@inproceedings{jia2019improved,
	title={Improved time synchronization algorithm for wireless sensor networks based on clustering},
	author={Jia, Xiangli and Lu, Yang and Wei, Xing and Tao, Wenjing},
	booktitle={2019 IEEE 8th Joint International Information Technology and Artificial Intelligence Conference (ITAIC)},
	pages={1211--1215},
	year={2019},
	organization={IEEE}
}
@article{wu2014cluster,
	title={Cluster-based consensus time synchronization for wireless sensor networks},
	author={Wu, Jie and Zhang, Liyi and Bai, Yu and Sun, Yunshan},
	journal={IEEE Sensors Journal},
	volume={15},
	number={3},
	pages={1404--1413},
	year={2014},
	publisher={IEEE}
}
@article{jia2019distributed,
	title={Distributed clock synchronization based on intelligent clustering in local area industrial IoT systems},
	author={Jia, Pengyi and Wang, Xianbin and Zheng, Kan},
	journal={IEEE Transactions on Industrial Informatics},
	volume={16},
	number={6},
	pages={3697--3707},
	year={2019},
	publisher={IEEE}
}
@inproceedings{kaur2015energy,
	title={An energy efficient time synchronization protocol for Wireless Sensor Networks using clustering},
	author={Kaur, Parminder and others},
	booktitle={2015 IEEE Power, Communication and Information Technology Conference (PCITC)},
	pages={671--674},
	year={2015},
	organization={IEEE}
}
@article{lee2011accuracy,
	title={An accuracy enhanced IEEE 1588 synchronization protocol for dynamically changing and asymmetric wireless links},
	author={Lee, Sungwon and Lee, Seunggwan and Hong, Choongseon},
	journal={IEEE Communications Letters},
	volume={16},
	number={2},
	pages={190--192},
	year={2011},
	publisher={IEEE}
}
@article{chaloupka2014clock,
	title={Clock synchronization over communication paths with queue-induced delay asymmetries},
	author={Chaloupka, Zdenek and Alsindi, Nayef and Aweya, James},
	journal={IEEE Communications Letters},
	volume={18},
	number={9},
	pages={1551--1554},
	year={2014},
	publisher={IEEE}
}
@article{johannessen2004time,
	title={Time synchronization in a local area network},
	author={Johannessen, Svein},
	journal={IEEE control systems Magazine},
	volume={24},
	number={2},
	pages={61--69},
	year={2004},
	publisher={IEEE}
}

@inproceedings{murakami2009improvement,
	title={Improvement of synchronization accuracy in IEEE 1588 using a queuing estimation method},
	author={Murakami, Takahide and Horiuchi, Yukio},
	booktitle={2009 International Symposium on Precision Clock Synchronization for Measurement, Control and Communication},
	pages={1--5},
	year={2009},
	organization={IEEE}
}
@inproceedings{subrahmanyan2007implementation,
	title={Implementation considerations for IEEE 1588v2 applications in telecommunications},
	author={Subrahmanyan, Ravi},
	booktitle={2007 IEEE International Symposium on Precision Clock Synchronization for Measurement, Control and Communication},
	pages={148--154},
	year={2007},
	organization={IEEE}
}
@inproceedings{simanic2011compensation,
	title={Compensation of asymmetrical latency for ethernet clock synchronization},
	author={Simanic, Natasa and Exel, Reinhard and Loschmidt, Patrick and Bigler, Thomas and Ker{\"o}, Nikolaus},
	booktitle={2011 IEEE International Symposium on Precision Clock Synchronization for Measurement, Control and Communication},
	pages={19--24},
	year={2011},
	organization={IEEE}
}
@article{lee2011accuracy,
	title={An accuracy enhanced IEEE 1588 synchronization protocol for dynamically changing and asymmetric wireless links},
	author={Lee, Sungwon and Lee, Seunggwan and Hong, Choongseon},
	journal={IEEE Communications Letters},
	volume={16},
	number={2},
	pages={190--192},
	year={2011},
	publisher={IEEE}
}
@inproceedings{chaloupka2013efficient,
	title={Efficient and precise simulation model of synchronization clocks in packet networks},
	author={Chaloupka, Zdenek and Alsindi, Nayef and Aweya, James},
	booktitle={2013 IEEE 18th International Workshop on Computer Aided Modeling and Design of Communication Links and Networks (CAMAD)},
	pages={79--83},
	year={2013},
	organization={IEEE}
}
@article{karthik2019optimum,
	title={Optimum full information, unlimited complexity, invariant, and minimax clock skew and offset estimators for IEEE 1588},
	author={Karthik, Anantha K and Blum, Rick S},
	journal={IEEE Transactions on Communications},
	volume={67},
	number={5},
	pages={3624--3637},
	year={2019},
	publisher={IEEE}
}
@article{karthik2020robust,
	title={Robust clock skew and offset estimation for IEEE 1588 in the presence of unexpected deterministic path delay asymmetries},
	author={Karthik, Anantha K and Blum, Rick S},
	journal={IEEE Transactions on Communications},
	volume={68},
	number={8},
	pages={5102--5119},
	year={2020},
	publisher={IEEE}
}
@article{lopez2012mobility,
	title={Mobility management challenges in 3GPP heterogeneous networks},
	author={Lopez-Perez, David and Guvenc, Ismail and Chu, Xiaoli},
	journal={IEEE Communications Magazine},
	volume={50},
	number={12},
	pages={70--78},
	year={2012},
	publisher={IEEE}
}
@inproceedings{kazaz2018joint,
	title={Joint ranging and clock synchronization for dense heterogeneous iot networks},
	author={Kazaz, Tarik and Coutino, Mario and Janssen, Gerard JM and Leus, Geert and van der Veen, Alle-Jan},
	booktitle={2018 52nd Asilomar Conference on Signals, Systems, and Computers},
	pages={2169--2173},
	year={2018},
	organization={IEEE}
}
@article{gu2021energy,
	title={Energy-aware coded caching strategy design with resource optimization for satellite-UAV-vehicle-integrated networks},
	author={Gu, Shushi and Sun, Xinyi and Yang, Zhihua and Huang, Tao and Xiang, Wei and Yu, Keping},
	journal={IEEE Internet of Things Journal},
	volume={9},
	number={8},
	pages={5799--5811},
	year={2021},
	publisher={IEEE}
}
@inproceedings{mehrpouyan2011new,
	title={A new distributed approach for achieving clock synchronization in heterogeneous networks},
	author={Mehrpouyan, Hani and Blostein, Steven D and Svensson, Tommy},
	booktitle={2011 IEEE Global Telecommunications Conference-GLOBECOM 2011},
	pages={1--5},
	year={2011},
	organization={IEEE}
}
@article{anees2020hesitant,
	title={Hesitant fuzzy entropy-based opportunistic clustering and data fusion algorithm for heterogeneous wireless sensor networks},
	author={Anees, Junaid and Zhang, Hao-Chun and Baig, Sobia and Guene Lougou, Bachirou and Robert Bona, Thomas Gasim},
	journal={Sensors},
	volume={20},
	number={3},
	pages={913},
	year={2020},
	publisher={MDPI}
}
@article{grewal2020kalman,
	title={Kalman filtering},
	author={Grewal, Mohinder S and Andrews, Angus P and Bartone, Chris G},
	year={2020},
	publisher={Wiley Telecom}
}
@article{rinaldi2016time,
	title={Time synchronization over heterogeneous network for smart grid application: Design and characterization of a real case},
	author={Rinaldi, Stefano and Della Giustina, Davide and Ferrari, Paolo and Flammini, Alessandra and Sisinni, Emiliano},
	journal={Ad Hoc Networks},
	volume={50},
	pages={41--57},
	year={2016},
	publisher={Elsevier}
}
@article{qiu2017heterogeneous,
	title={Heterogeneous ad hoc networks: Architectures, advances and challenges},
	author={Qiu, Tie and Chen, Ning and Li, Keqiu and Qiao, Daji and Fu, Zhangjie},
	journal={Ad Hoc Networks},
	volume={55},
	pages={143--152},
	year={2017},
	publisher={Elsevier}
}
@article{khong2016unifying,
	title={A unifying framework for robust synchronization of heterogeneous networks via integral quadratic constraints},
	author={Khong, Sei Zhen and Lovisari, Enrico and Rantzer, Anders},
	journal={IEEE Transactions on Automatic Control},
	volume={61},
	number={5},
	pages={1297--1309},
	year={2016},
	publisher={IEEE}
}

@article{boukerche2008end,
	title={An end-to-end virtual environment streaming technique for thin mobile devices over heterogeneous networks},
	author={Boukerche, Azzedine and Pazzi, Richard WN and Feng, Jing},
	journal={Computer Communications},
	volume={31},
	number={11},
	pages={2716--2725},
	year={2008},
	publisher={Elsevier}
}
@inproceedings{larranaga2020analysis,
	title={Analysis of 5G-TSN integration to support industry 4.0},
	author={Larra{\~n}aga, Ana and Lucas-Esta{\~n}, M Carmen and Martinez, Imanol and Val, I{\~n}aki and Gozalvez, Javier},
	booktitle={2020 25th IEEE International conference on emerging technologies and factory automation (ETFA)},
	volume={1},
	pages={1111--1114},
	year={2020},
	organization={IEEE}
}
@inproceedings{schungel2021optimized,
	title={Optimized Propagation Delay Compensation for an Improved 5G RAN Synchronization},
	author={Sch{\"u}ngel, Maximilian and Dietrich, Steven and Ginth{\"o}r, David and Chen, Shun-Ping and Kuhn, Michael},
	booktitle={IECON 2021--47th Annual Conference of the IEEE Industrial Electronics Society},
	pages={1--6},
	year={2021},
	organization={IEEE}
}
@inproceedings{goodarzi2020synchronization,
	title={Synchronization in 5G: a bayesian approach},
	author={Goodarzi, Meysam and Cvetkovski, Darko and Maletic, Nebojsa and Guti{\'e}rrez, Jes{\'u}s and Grass, Eckhard},
	booktitle={2020 European Conference on Networks and Communications (EuCNC)},
	pages={194--199},
	year={2020},
	organization={IEEE}
}

@inproceedings{nikhileswar2022traffic,
	title={Traffic Steering in Edge Compute Devices using eXpress Data Path for 5G and TSN Integration},
	author={Nikhileswar, Kota and Prabhu, Krishnanand and Cavalcanti, Dave},
	booktitle={2022 IEEE 18th International Conference on Factory Communication Systems (WFCS)},
	pages={1--6},
	year={2022},
	organization={IEEE}
}

@article{nasrallah2018ultra,
	title={Ultra-low latency (ULL) networks: The IEEE TSN and IETF DetNet standards and related 5G ULL research},
	author={Nasrallah, Ahmed and Thyagaturu, Akhilesh S and Alharbi, Ziyad and Wang, Cuixiang and Shao, Xing and Reisslein, Martin and ElBakoury, Hesham},
	journal={IEEE Communications Surveys \& Tutorials},
	volume={21},
	number={1},
	pages={88--145},
	year={2018},
	publisher={IEEE}
}
@inproceedings{wang2020leveraging,
	title={Leveraging 5G TSN in V2X communication for cloud vehicle},
	author={Wang, Dan and Sun, Tao},
	booktitle={2020 IEEE International Conference on Edge Computing (EDGE)},
	pages={106--110},
	year={2020},
	organization={IEEE}
}
@inproceedings{neumann2018towards,
	title={Towards integration of Industrial Ethernet with 5G mobile networks},
	author={Neumann, Arne and Wisniewski, Lukasz and Ganesan, Rakash SivaSiva and Rost, Peter and Jasperneite, J{\"u}rgen},
	booktitle={2018 14th IEEE International Workshop on Factory Communication Systems (WFCS)},
	pages={1--4},
	year={2018},
	organization={IEEE}
}
@inproceedings{chai2021cross,
	title={Cross domain clock synchronization based on data packet relay in 5g-tsn integrated network},
	author={Chai, Zichao and Liu, Wei and Li, Mao and Lei, Jing},
	booktitle={2021 IEEE 4th International Conference on Electronics and Communication Engineering (ICECE)},
	pages={141--145},
	year={2021},
	organization={IEEE}
}

@article{lei20215g,
	title={5G industrial IoT},
	author={Lei, Wan and Soong, Anthony CK and Jianghua, Liu and Yong, Wu and Classon, Brian and Xiao, Weimin and Mazzarese, David and Yang, Zhao and Saboorian, Tony and Lei, Wan and others},
	journal={5G System Design: An End to End Perspective},
	pages={515--532},
	year={2021},
	publisher={Springer}
}
@phdthesis{schungel2022time,
	title={Time Synchronization in Converged Wired and Wireless Communication Networks for Industrial Real-Time Application},
	author={Sch{\"u}ngel, Maximilian},
	year={2022},
	school={Hochschule Darmstadt}
}

@article{rinaldi2016time,
	title={Time synchronization over heterogeneous network for smart grid application: Design and characterization of a real case},
	author={Rinaldi, Stefano and Della Giustina, Davide and Ferrari, Paolo and Flammini, Alessandra and Sisinni, Emiliano},
	journal={Ad Hoc Networks},
	volume={50},
	pages={41--57},
	year={2016},
	publisher={Elsevier}
}


@INPROCEEDINGS{9527833,
	author={Shi, Haochuan and Aijaz, Adnan and Jiang, Nan},
	booktitle={ Proc. IEEE BlackSeaCom}, 
	title={Evaluating the Performance of Over-the-Air Time Synchronization for 5G and TSN Integration}, 
	year={2021},
	volume={},
	number={},
	pages={1-6},
	doi={10.1109/BlackSeaCom52164.2021.9527833}}
@article{888888,
title={System architecture for the 5G System(5GS) Stage 2(Release16) Std.}, 
year={2020}}
@article{2013Recommendations,
	title={Recommendations for implementing the strategic initiative GERMAN INDUSTRIE 4.0. Final report of the Industrie 4.0 Working Group},
	author={ Scheel, H. V. },
	year={2013},
}
@INPROCEEDINGS{9211936,
	author={Schüngel, Maximilian and Dietrich, Steven and Ginthör, David and Chen, Shun-Ping and Kuhn, Michael},
	booktitle={Proc. IEEE ETFA}, 
	title={Single Message Distribution of Timing Information for Time Synchronization in Converged Wired and Wireless Networks}, 
	year={2020},
	volume={1},
	number={},
	pages={286-293},
	doi={10.1109/ETFA46521.2020.9211936}}

@INPROCEEDINGS{9557468,
	author={Striffler, Tobias and Schotten, Hans D.},
	booktitle={Proc. IEEE INDIN}, 
	title={The 5G Transparent Clock: Synchronization Errors in Integrated 5G-TSN Industrial Networks}, 
	year={2021},
	volume={},
	number={},
	pages={1-6},
	doi={10.1109/INDIN45523.2021.9557468}}
@INPROCEEDINGS{9674640,
	author={Chai, Zichao and Liu, Wei and Li, Mao and Lei, Jing},
	booktitle={Proc. IEEE ICECE}, 
	title={Cross Domain Clock Synchronization Based on Data Packet Relay in 5G-TSN Integrated Network}, 
	year={2021},
	volume={},
	number={},
	pages={141-145},
	doi={10.1109/ICECE54449.2021.9674640}}
@INPROCEEDINGS{8402373,
	author={Neumann, Arne and Wisniewski, Lukasz and Ganesan, Rakash SivaSiva and Rost, Peter and Jasperneite, Jürgen},
	booktitle={Proc. IEEE WFCS}, 
	title={Towards integration of Industrial Ethernet with 5G mobile networks}, 
	year={2018},
	volume={},
	number={},
	pages={1-4},
	doi={10.1109/WFCS.2018.8402373}}
@INPROCEEDINGS{9064350,
	author={Qing, Liao and Xinyang, Ren},
	booktitle={Proc. IEEE ICCC}, 
	title={IEEE 1588 and a Dynamic Delay Correction Clock Synchronization Algorithm}, 
	year={2019},
	volume={},
	number={},
	pages={442-446},
	doi={10.1109/ICCC47050.2019.9064350}}
@article{zhang2022wireless,
	title={Wireless/wired integrated transmission for industrial cyber-physical systems: risk-sensitive co-design of 5G and TSN protocols},
	author={Zhang, Yajing and Xu, Qimin and Guan, Xinping and Chen, Cailian and Li, Mingyan},
	journal={Science China Information Sciences},
	volume={65},
	number={1},
	pages={110204},
	year={2022},
	publisher={Springer}
}
@article{888889,
	title={Service requirements for cyber-physical control applications in vertical domains (3GPP TS 22.104 V18.3.0)}, 
	year={2021-12}}
@INPROCEEDINGS{9615318,
	author={Patel, Dhruvin and Diachina, John and Ruffini, Stefano and De Andrade, Marilet and Sachs, Joachim and Venmani, Daniel Philip},
	booktitle={Proc. IEEE ISPCS}, 
	title={Time error analysis of 5G time synchronization solutions for time aware industrial networks}, 
	year={2021},
	volume={},
	number={},
	pages={1-6},
	doi={10.1109/ISPCS49990.2021.9615318}}

@inproceedings{sangjumpa2016analysis,
	title={Analysis of adaptive multi-hop time synchronization in large wireless sensor networks},
	author={Sangjumpa, Nattaphol and Gordon, Steven and Kaemarungsi, Kamol},
	booktitle={2016 7th International Conference of Information and Communication Technology for Embedded Systems (IC-ICTES)},
	pages={79--84},
	year={2016},
	organization={IEEE}
}
@ARTICLE{8935413,
	author={Huan, Xintao and Kim, Kyeong Soo and Lee, Sanghyuk and Lim, Eng Gee and Marshall, Alan},
	journal={IEEE Transactions on Communications}, 
	title={A Beaconless Asymmetric Energy-Efficient Time Synchronization Scheme for Resource-Constrained Multi-Hop Wireless Sensor Networks}, 
	year={2020},
	volume={68},
	number={3},
	pages={1716-1730},
	doi={10.1109/TCOMM.2019.2960344}}

@inproceedings{chi2018ear,
	title={EAR: Exploiting uncontrollable ambient RF signals in heterogeneous networks for gesture recognition},
	author={Chi, Zicheng and Yao, Yao and Xie, Tiantian and Liu, Xin and Huang, Zhichuan and Wang, Wei and Zhu, Ting},
	booktitle={Proceedings of the 16th ACM conference on embedded networked sensor systems},
	pages={237--249},
	year={2018}
}
@inproceedings{mizrahi2012slave,
	title={Slave diversity: Using multiple paths to improve the accuracy of clock synchronization protocols},
	author={Mizrahi, Tal},
	booktitle={2012 IEEE International Symposium on Precision Clock Synchronization for Measurement, Control and Communication Proceedings},
	pages={1--6},
	year={2012},
	organization={IEEE}
}

@article{fradkov1997adaptive,
	title={Adaptive synchronization of chaotic systems based on speed gradient method and passification},
	author={Fradkov, Alexander L and Markov, A Yu},
	journal={IEEE Transactions on Circuits and Systems I: Fundamental Theory and Applications},
	volume={44},
	number={10},
	pages={905--912},
	year={1997},
	publisher={IEEE}
}

@article{xue2021wicsync,
	title={Wicsync: a wireless multi-node clock synchronization solution based on optimized UWB two-way clock synchronization protocol},
	author={Xue, Bo and Li, Zhitian and Lei, Pengyu and Wang, Yingzi and Zou, Xudong},
	journal={Measurement},
	volume={183},
	pages={109760},
	year={2021},
	publisher={Elsevier}
}
@inproceedings{gangakhedkar2018use,
	title={Use cases, requirements and challenges of 5G communication for industrial automation},
	author={Gangakhedkar, Sandip and Cao, Hanwen and Ali, Ali Ramadan and Ganesan, Karthikeyan and Gharba, Mohamed and Eichinger, Josef},
	booktitle={2018 IEEE international conference on communications workshops (icc workshops)},
	pages={1--6},
	year={2018},
	organization={IEEE}
}

@article{access2015requirements,
	title={Requirements for Support of radio resource management (3GPP TS 36.133 Version 12.6. 0 Release 12)},
	author={Access, Evolved Universal Terrestrial Radio},
	journal={ETSI TS},
	volume={136},
	number={133},
	pages={V11},
	year={2015}
}
@article{jiqi,
	title={基于机器学习方法的无线传感网络时钟同步算法},
	author={刘学超，郭改枝，潘亮},
	journal={现代电子技术},
	volume={41},
	number={5},
	pages={65--68},
	year={2018}
}
@article{tang,
	title={基于信息融合的分布式时间同步算法.},
	author={唐波，吴爽爽，彭力，孙超},
	journal={Computer Engineering \& Science/Jisuanji Gongcheng yu Kexue},
	volume={38},
	number={6},
	year={2016}
}
@article{yang,
	title={一种新的动态无线传感器网络中的安全时钟同步算法},
	author={杨春明，屈玉贵，赵保华},
	journal={小型微型计算机系统},
	volume={29},
	number={7},
	pages={1353--1356},
	year={2008}
}
