@ARTICLE{7879243,
	author={Lin, Jie and Yu, Wei and Zhang, Nan and Yang, Xinyu and Zhang, Hanlin and Zhao, Wei},
	journal={IEEE Internet of Things Journal}, 
	title={A Survey on Internet of Things: Architecture, Enabling Technologies, Security and Privacy, and Applications}, 
	year={2017},
	volume={4},
	number={5},
	pages={1125-1142},
	doi={10.1109/JIOT.2017.2683200}}
@article{CHEN20143,
	title = {Machine-to-machine communications: Technologies and challenges},
	journal = {Ad Hoc Networks},
	volume = {18},
	pages = {3-23},
	year = {2014},
	issn = {1570-8705},
	doi = {https://doi.org/10.1016/j.adhoc.2013.03.007},
	url = {https://www.sciencedirect.com/science/article/pii/S1570870513000395},
	author = {Kwang-Cheng Chen and Shao-Yu Lien},
	keywords = {Machine-to-machine communications, Internet of Things, Cyber–physical systems, Multi-hop networks, Cognitive radio, Spectrum sharing, Swarm communications},
	abstract = {Machine-to-machine (M2M) communications emerge to autonomously operate to link interactions between Internet cyber world and physical systems. We present the technological scenario of M2M communications consisting of wireless infrastructure to cloud, and machine swarm of tremendous devices. Related technologies toward practical realization are explored to complete fundamental understanding and engineering knowledge of this new communication and networking technology front.}
}
@ARTICLE{8278257,
	author={Gomes, Nathan J. and Sehier, Philippe and Thomas, Howard and Chanclou, Philippe and Li, Bomin and Munch, Daniel and Assimakopoulos, Philippos and Dixit, Sudhir and Jungnickel, Volker},
	journal={IEEE Vehicular Technology Magazine}, 
	title={Boosting 5G Through Ethernet: How Evolved Fronthaul Can Take Next-Generation Mobile to the Next Level}, 
	year={2018},
	volume={13},
	number={1},
	pages={74-84},
	doi={10.1109/MVT.2017.2782358}}
@ARTICLE{5223605,
	author={Han, Jiho and Jeong, Deog-Kyoon},
	journal={IEEE Transactions on Instrumentation and Measurement}, 
	title={A Practical Implementation of IEEE 1588-2008 Transparent Clock for Distributed Measurement and Control Systems}, 
	year={2010},
	volume={59},
	number={2},
	pages={433-439},
	doi={10.1109/TIM.2009.2024371}}
@article{ahmed2018survey,
	title={A survey on high-precision time synchronization techniques for optical datacenter networks and a zero-overhead microsecond-accuracy solution},
	author={Ahmed, Tanjila and Rahman, Sabidur and Tornatore, Massimo and Kim, Kwangjoon and Mukherjee, Biswanath},
	journal={Photonic Network Communications},
	volume={36},
	pages={56--67},
	year={2018},
	publisher={Springer}
}
@article{idrees2020ieee,
	title={IEEE 1588 for clock synchronization in industrial IoT and related applications: a review on contributing technologies, protocols and enhancement methodologies},
	author={Idrees, Zeba and Granados, Jose and Sun, Yang and Latif, Shahid and Gong, Li and Zou, Zhuo and Zheng, Lirong},
	journal={IEEE Access},
	volume={8},
	pages={155660--155678},
	year={2020},
	publisher={IEEE}
}
@article{jakovetic2014fast,
	title={Fast distributed gradient methods},
	author={Jakoveti{\'c}, Du{\v{s}}an and Xavier, Joao and Moura, Jos{\'e} MF},
	journal={IEEE Transactions on Automatic Control},
	volume={59},
	number={5},
	pages={1131--1146},
	year={2014},
	publisher={IEEE}
}
@article{ieee2011ieee,
	title={IEEE Standard for Local and Metropolitan Area Networks—Timing and Synchronization for Time-Sensitive Applications in Bridged Local Area Networks},
	author={IEEE Standards Association and others},
	journal={IEEE Std},
	volume={802},
	year={2011}
}
@inproceedings{teener2008overview,
	title={Overview and timing performance of IEEE 802.1 AS},
	author={Teener, Michael D Johas and Garner, Geoffrey M},
	booktitle={2008 IEEE International Symposium on Precision Clock Synchronization for Measurement, Control and Communication},
	pages={49--53},
	year={2008},
	organization={IEEE}
}
@inproceedings{jia2019improved,
	title={Improved time synchronization algorithm for wireless sensor networks based on clustering},
	author={Jia, Xiangli and Lu, Yang and Wei, Xing and Tao, Wenjing},
	booktitle={2019 IEEE 8th Joint International Information Technology and Artificial Intelligence Conference (ITAIC)},
	pages={1211--1215},
	year={2019},
	organization={IEEE}
}
@article{wu2014cluster,
	title={Cluster-based consensus time synchronization for wireless sensor networks},
	author={Wu, Jie and Zhang, Liyi and Bai, Yu and Sun, Yunshan},
	journal={IEEE Sensors Journal},
	volume={15},
	number={3},
	pages={1404--1413},
	year={2014},
	publisher={IEEE}
}
@article{jia2019distributed,
	title={Distributed clock synchronization based on intelligent clustering in local area industrial IoT systems},
	author={Jia, Pengyi and Wang, Xianbin and Zheng, Kan},
	journal={IEEE Transactions on Industrial Informatics},
	volume={16},
	number={6},
	pages={3697--3707},
	year={2019},
	publisher={IEEE}
}
@inproceedings{kaur2015energy,
	title={An energy efficient time synchronization protocol for Wireless Sensor Networks using clustering},
	author={Kaur, Parminder and others},
	booktitle={2015 IEEE Power, Communication and Information Technology Conference (PCITC)},
	pages={671--674},
	year={2015},
	organization={IEEE}
}
@article{lee2011accuracy,
	title={An accuracy enhanced IEEE 1588 synchronization protocol for dynamically changing and asymmetric wireless links},
	author={Lee, Sungwon and Lee, Seunggwan and Hong, Choongseon},
	journal={IEEE Communications Letters},
	volume={16},
	number={2},
	pages={190--192},
	year={2011},
	publisher={IEEE}
}
@article{chaloupka2014clock,
	title={Clock synchronization over communication paths with queue-induced delay asymmetries},
	author={Chaloupka, Zdenek and Alsindi, Nayef and Aweya, James},
	journal={IEEE Communications Letters},
	volume={18},
	number={9},
	pages={1551--1554},
	year={2014},
	publisher={IEEE}
}
@inproceedings{murakami2009improvement,
	title={Improvement of synchronization accuracy in IEEE 1588 using a queuing estimation method},
	author={Murakami, Takahide and Horiuchi, Yukio},
	booktitle={2009 International Symposium on Precision Clock Synchronization for Measurement, Control and Communication},
	pages={1--5},
	year={2009},
	organization={IEEE}
}
@inproceedings{subrahmanyan2007implementation,
	title={Implementation considerations for IEEE 1588v2 applications in telecommunications},
	author={Subrahmanyan, Ravi},
	booktitle={2007 IEEE International Symposium on Precision Clock Synchronization for Measurement, Control and Communication},
	pages={148--154},
	year={2007},
	organization={IEEE}
}
@inproceedings{simanic2011compensation,
	title={Compensation of asymmetrical latency for ethernet clock synchronization},
	author={Simanic, Natasa and Exel, Reinhard and Loschmidt, Patrick and Bigler, Thomas and Ker{\"o}, Nikolaus},
	booktitle={2011 IEEE International Symposium on Precision Clock Synchronization for Measurement, Control and Communication},
	pages={19--24},
	year={2011},
	organization={IEEE}
}
@article{lee2011accuracy,
	title={An accuracy enhanced IEEE 1588 synchronization protocol for dynamically changing and asymmetric wireless links},
	author={Lee, Sungwon and Lee, Seunggwan and Hong, Choongseon},
	journal={IEEE Communications Letters},
	volume={16},
	number={2},
	pages={190--192},
	year={2011},
	publisher={IEEE}
}
@inproceedings{chaloupka2013efficient,
	title={Efficient and precise simulation model of synchronization clocks in packet networks},
	author={Chaloupka, Zdenek and Alsindi, Nayef and Aweya, James},
	booktitle={2013 IEEE 18th International Workshop on Computer Aided Modeling and Design of Communication Links and Networks (CAMAD)},
	pages={79--83},
	year={2013},
	organization={IEEE}
}
@article{karthik2019optimum,
	title={Optimum full information, unlimited complexity, invariant, and minimax clock skew and offset estimators for IEEE 1588},
	author={Karthik, Anantha K and Blum, Rick S},
	journal={IEEE Transactions on Communications},
	volume={67},
	number={5},
	pages={3624--3637},
	year={2019},
	publisher={IEEE}
}
@article{karthik2020robust,
	title={Robust clock skew and offset estimation for IEEE 1588 in the presence of unexpected deterministic path delay asymmetries},
	author={Karthik, Anantha K and Blum, Rick S},
	journal={IEEE Transactions on Communications},
	volume={68},
	number={8},
	pages={5102--5119},
	year={2020},
	publisher={IEEE}
}
@article{lopez2012mobility,
	title={Mobility management challenges in 3GPP heterogeneous networks},
	author={Lopez-Perez, David and Guvenc, Ismail and Chu, Xiaoli},
	journal={IEEE Communications Magazine},
	volume={50},
	number={12},
	pages={70--78},
	year={2012},
	publisher={IEEE}
}
@inproceedings{kazaz2018joint,
	title={Joint ranging and clock synchronization for dense heterogeneous iot networks},
	author={Kazaz, Tarik and Coutino, Mario and Janssen, Gerard JM and Leus, Geert and van der Veen, Alle-Jan},
	booktitle={2018 52nd Asilomar Conference on Signals, Systems, and Computers},
	pages={2169--2173},
	year={2018},
	organization={IEEE}
}
@article{gu2021energy,
	title={Energy-aware coded caching strategy design with resource optimization for satellite-UAV-vehicle-integrated networks},
	author={Gu, Shushi and Sun, Xinyi and Yang, Zhihua and Huang, Tao and Xiang, Wei and Yu, Keping},
	journal={IEEE Internet of Things Journal},
	volume={9},
	number={8},
	pages={5799--5811},
	year={2021},
	publisher={IEEE}
}
@inproceedings{mehrpouyan2011new,
	title={A new distributed approach for achieving clock synchronization in heterogeneous networks},
	author={Mehrpouyan, Hani and Blostein, Steven D and Svensson, Tommy},
	booktitle={2011 IEEE Global Telecommunications Conference-GLOBECOM 2011},
	pages={1--5},
	year={2011},
	organization={IEEE}
}
@article{anees2020hesitant,
	title={Hesitant fuzzy entropy-based opportunistic clustering and data fusion algorithm for heterogeneous wireless sensor networks},
	author={Anees, Junaid and Zhang, Hao-Chun and Baig, Sobia and Guene Lougou, Bachirou and Robert Bona, Thomas Gasim},
	journal={Sensors},
	volume={20},
	number={3},
	pages={913},
	year={2020},
	publisher={MDPI}
}
@article{grewal2020kalman,
	title={Kalman filtering},
	author={Grewal, Mohinder S and Andrews, Angus P and Bartone, Chris G},
	year={2020},
	publisher={Wiley Telecom}
}
@article{rinaldi2016time,
	title={Time synchronization over heterogeneous network for smart grid application: Design and characterization of a real case},
	author={Rinaldi, Stefano and Della Giustina, Davide and Ferrari, Paolo and Flammini, Alessandra and Sisinni, Emiliano},
	journal={Ad Hoc Networks},
	volume={50},
	pages={41--57},
	year={2016},
	publisher={Elsevier}
}


@INPROCEEDINGS{9527833,
	author={Shi, Haochuan and Aijaz, Adnan and Jiang, Nan},
	booktitle={ Proc. IEEE BlackSeaCom}, 
	title={Evaluating the Performance of Over-the-Air Time Synchronization for 5G and TSN Integration}, 
	year={2021},
	volume={},
	number={},
	pages={1-6},
	doi={10.1109/BlackSeaCom52164.2021.9527833}}
@article{888888,
title={System architecture for the 5G System(5GS) Stage 2(Release16) Std.}, 
year={2020}}
@article{2013Recommendations,
	title={Recommendations for implementing the strategic initiative GERMAN INDUSTRIE 4.0. Final report of the Industrie 4.0 Working Group},
	author={ Scheel, H. V. },
	year={2013},
}
@INPROCEEDINGS{9211936,
	author={Schüngel, Maximilian and Dietrich, Steven and Ginthör, David and Chen, Shun-Ping and Kuhn, Michael},
	booktitle={Proc. IEEE ETFA}, 
	title={Single Message Distribution of Timing Information for Time Synchronization in Converged Wired and Wireless Networks}, 
	year={2020},
	volume={1},
	number={},
	pages={286-293},
	doi={10.1109/ETFA46521.2020.9211936}}

@INPROCEEDINGS{9557468,
	author={Striffler, Tobias and Schotten, Hans D.},
	booktitle={Proc. IEEE INDIN}, 
	title={The 5G Transparent Clock: Synchronization Errors in Integrated 5G-TSN Industrial Networks}, 
	year={2021},
	volume={},
	number={},
	pages={1-6},
	doi={10.1109/INDIN45523.2021.9557468}}
@INPROCEEDINGS{9674640,
	author={Chai, Zichao and Liu, Wei and Li, Mao and Lei, Jing},
	booktitle={Proc. IEEE ICECE}, 
	title={Cross Domain Clock Synchronization Based on Data Packet Relay in 5G-TSN Integrated Network}, 
	year={2021},
	volume={},
	number={},
	pages={141-145},
	doi={10.1109/ICECE54449.2021.9674640}}
@INPROCEEDINGS{8402373,
	author={Neumann, Arne and Wisniewski, Lukasz and Ganesan, Rakash SivaSiva and Rost, Peter and Jasperneite, Jürgen},
	booktitle={Proc. IEEE WFCS}, 
	title={Towards integration of Industrial Ethernet with 5G mobile networks}, 
	year={2018},
	volume={},
	number={},
	pages={1-4},
	doi={10.1109/WFCS.2018.8402373}}
@INPROCEEDINGS{9064350,
	author={Qing, Liao and Xinyang, Ren},
	booktitle={Proc. IEEE ICCC}, 
	title={IEEE 1588 and a Dynamic Delay Correction Clock Synchronization Algorithm}, 
	year={2019},
	volume={},
	number={},
	pages={442-446},
	doi={10.1109/ICCC47050.2019.9064350}}
@article{zhang2022wireless,
	title={Wireless/wired integrated transmission for industrial cyber-physical systems: risk-sensitive co-design of 5G and TSN protocols},
	author={Zhang, Yajing and Xu, Qimin and Guan, Xinping and Chen, Cailian and Li, Mingyan},
	journal={Science China Information Sciences},
	volume={65},
	number={1},
	pages={110204},
	year={2022},
	publisher={Springer}
}
@article{888889,
	title={Service requirements for cyber-physical control applications in vertical domains (3GPP TS 22.104 V18.3.0)}, 
	year={2021-12}}
@INPROCEEDINGS{9615318,
	author={Patel, Dhruvin and Diachina, John and Ruffini, Stefano and De Andrade, Marilet and Sachs, Joachim and Venmani, Daniel Philip},
	booktitle={Proc. IEEE ISPCS}, 
	title={Time error analysis of 5G time synchronization solutions for time aware industrial networks}, 
	year={2021},
	volume={},
	number={},
	pages={1-6},
	doi={10.1109/ISPCS49990.2021.9615318}}
@ARTICLE{8935413,
	author={Huan, Xintao and Kim, Kyeong Soo and Lee, Sanghyuk and Lim, Eng Gee and Marshall, Alan},
	journal={IEEE Transactions on Communications}, 
	title={A Beaconless Asymmetric Energy-Efficient Time Synchronization Scheme for Resource-Constrained Multi-Hop Wireless Sensor Networks}, 
	year={2020},
	volume={68},
	number={3},
	pages={1716-1730},
	doi={10.1109/TCOMM.2019.2960344}}
@article{access2015requirements,
	title={Requirements for Support of radio resource management (3GPP TS 36.133 Version 12.6. 0 Release 12)},
	author={Access, Evolved Universal Terrestrial Radio},
	journal={ETSI TS},
	volume={136},
	number={133},
	pages={V11},
	year={2015}
}
